@inproceedings{lw10,
    year        = {2010},
    booktitle   = {Proceedings of the 12th Annual Conference on Genetic and Evolutionary Computation, GECCO'10},
    author      = {Per Kristian Lehre and Carsten Witt},
    title       = Black-box search by unbiased variation.},
    pages       = {1441–1448},
    langid      = {english}
}

@article{ example-russian,
    author      = {Максим Викторович Буздалов},
    title       = {Генерация тестов для олимпиадных задач по программированию 
                   с использованием генетических алгоритмов},
    journal     = {Научно-технический вестник {СПбГУ} {ИТМО}},
    number      = {2(72)},
    year        = {2011},
    pages       = {72-77},
    langid      = {russian}
}

@article{ unrestricted-jump-evco,
    author      = {Maxim Buzdalov and Benjamin Doerr and Mikhail Kever},
    title       = {The Unrestricted Black-Box Complexity of Jump Functions},
    journal     = {Evolutionary Computation},
    year        = {2016},
    note        = {Accepted for publication},
    langid      = {english}
    
    
