@inproceedings{1,
    author      = {Per Kristian Lehre and Carsten Witt},
    title       = {Black-box search by unbiased variation},
    booktitle   = {Proceedings of Genetic and Evolutionary Computation Conference},
    year        = {2010},
    pages       = {1441-1448},
    publisher   = {ACM},
    langid      = {english}
}

@article{2,
    author      = {Stefan Droste and Thomas Jansen and Ingo Wegener},
    title       = {Upper and lower bounds for randomized search heuristics in black-box optimization},
    journal     = {Theory of Computing Systems},
    volume      = {39},
    pages       = {525-544}, 
    year        = {2006},
    langid      = {english}
}

@article{3,
    author      = {Benjamin Doerr and Carola Winzen},
    title       = {Ranking-based black-box complexity},
    journal     = {Algorithmica},
    year        = {2014},
    volume      = {68},
    number      = {3},
    pages       = {571-609},
    langid      = {english}
}

@article{4,
    author      = {Benjamin Doerr and Carola Winzen},
    title       = {Reducing the arity in unbiased black-box complexity},
    journal     = {Theoretic Computer Science},
    volume      = {545},
    pages       = {108-121},
    year        = {2014},
    langid      = {english}
}

@inproceedings{5,
    author      = {Andrew Chi-Chih Yao},
    title       = {Probabilistic computations: Toward a unified measure of complexity},
    booktitle   = {FOCS},
    pages       = {222-227},
    publisher   = {IEEE Computer Society},
    year        = {1977},
    langid      = {english}
}

%\bibitem{6} A. J. Ramirez, D. B. Knoester, B. H. Cheng, and P. K. Mckinley.
%\textit{Plato: a genetic algorithm approach to run-time reconfiguration in autonomic computing systems}. Cluster Computing, 
%14:229--244, 2011

@article{7,
    author      = {Thomas Jansen and Ingo Wegener},
    title       = {Evolutionary algorithms~--- how to cope with plateaus of constant fitness and when to reject strings of the same fitness},
    journal     = {IEEE Transactions on Evolutionary Computation},
    volume      = {5},
    pages       = {589-599},
    year        = {2001},
    langid      = {english}
}

@article{8,
    author      = {Benjamin Doerr and Carola Doerr and Timo K{\"o}tzing},
    title       = {Unbiased Black-Box Complexities of Jump Functions},
    journal     = {Evolutionary Computation},
    volume      = {23},
    number      = {4},
    year        = {2015},
    pages       = {641-670},
    langid      = {english}
}

@incollection{9,
    author      = {Maxim Buzdalov and Mikhail Kever and Benjamin Doerr},
    title       = {Upper and Lower Bounds on Unrestricted Black-Box Complexity of $\textsc{Jump}_{n,\ell}$},
    booktitle   = {Evolutionary Computation in Combinatorial Optimization},
    series      = {Lecture Notes in Computer Science},
    number      = {9026},
    pages       = {209-221},
    year        = {2015},
    langid      = {english}
}

@inproceedings{10,
    author      = {Benjamin Doerr and Timo K{\"o}tzing and Carola Winzen},
    title       = {Too fast unbiased black-box algorithms},
    booktitle   = {Proceedings of Genetic and Evolutionary Computation Conference},
    year        = {2011},
    pages       = {2043-2050},
    langid      = {english}
}

@article{11,
    author      = {Benjamin Doerr and Carola Doerr and Franziska Ebel},
    title       = {From black-box complexity to designing new genetic algorithms},
    journal     = {Theoretical Computer Science},
    volume      = {567},
    number      = {C},
    year        = {2015},
    pages       = {87-104},
    langid      = {english}
}

@inproceedings{12,
    author      = {Doerr, Benjamin and Doerr, Carola and Ebel, Franziska},
    title       = {Lessons from the black-box: fast crossover-based genetic algorithms},
    booktitle   = {Proceedings of Genetic and Evolutionary Computation Conference},
    pages       = {781-788},
    year        = {2014},
    langid      = {english}
}

@inbook{13,
    author      = {Doerr, Benjamin},
    title       = {Analyzing randomized search heuristics: Tools from probability theory},
    editor      = {Anne Auger and Benjamin Doerr},
    booktitle   = {Theory of randomized search heuristics},
    pages       = {1-20},
    year        = {2011},
    langid      = {english}
}
